{"kpis": {"revenue": 13457279.01, "roi": 18.37, "defect_density": 2.13, "projects": 200, "sigma_raw": 0.0020809773471239515}, "charts": {"clients_labels": ["Rodriguez, Figueroa and Sanchez", "Davis and Sons", "Gardner, Robinson and Lawrence", "Blake and Sons", "Mcclain, Miller and Henderson"], "clients_data": [2098903.89, 1886534.74, 1882096.89, 1730879.35, 1723670.56], "trend_labels": ["2020-2", "2020-3", "2020-4", "2020-5", "2020-6", "2020-8", "2020-9", "2020-10", "2020-11", "2021-1", "2021-2", "2021-3", "2021-6", "2021-7", "2021-8", "2021-9", "2021-10", "2021-12", "2022-1", "2022-2", "2022-3", "2022-4", "2022-5", "2022-6", "2022-7", "2022-8", "2022-9", "2022-10", "2022-11", "2022-12", "2023-1", "2023-2", "2023-3", "2023-4", "2023-5", "2023-6", "2023-7", "2023-8", "2023-9", "2023-10", "2023-11", "2023-12", "2024-1", "2024-2", "2024-3", "2024-4", "2024-5", "2024-6", "2024-7", "2024-8", "2024-9", "2024-10", "2024-11", "2024-12", "2025-1", "2025-2", "2025-3", "2025-4", "2025-6", "2025-7", "2025-8", "2025-9", "2025-10", "2025-11", "2025-12", "2026-1"], "trend_data": [6, 3, 3, 22, 8, 8, 4, 18, 3, 19, 12, 12, 12, 11, 12, 7, 29, 24, 25, 3, 0, 5, 16, 8, 15, 8, 1, 17, 4, 7, 10, 2, 21, 11, 21, 25, 23, 1, 9, 12, 1, 6, 10, 13, 22, 4, 16, 19, 16, 1, 18, 5, 17, 27, 8, 7, 16, 17, 14, 5, 25, 16, 10, 13, 6, 21]}, "olap_cube": [{"year": 2020, "client_name": "Blake and Sons", "team_name": "Team-1", "revenue": 54867.17, "errors": 3, "hours": 906.45, "projects": 1}, {"year": 2020, "client_name": "Blake and Sons", "team_name": "Team-2", "revenue": 89651.8, "errors": 4, "hours": 978.4, "projects": 1}, {"year": 2020, "client_name": "Blake and Sons", "team_name": "Team-3", "revenue": 8368.12, "errors": 0, "hours": 765.3, "projects": 1}, {"year": 2020, "client_name": "Davis and Sons", "team_name": "Team-1", "revenue": 73347.06, "errors": 3, "hours": 1400.59, "projects": 1}, {"year": 2020, "client_name": "Davis and Sons", "team_name": "Team-2", "revenue": 37971.96, "errors": 3, "hours": 908.05, "projects": 1}, {"year": 2020, "client_name": "Doyle Ltd", "team_name": "Team-1", "revenue": 122164.82, "errors": 9, "hours": 6221.43, "projects": 2}, {"year": 2020, "client_name": "Doyle Ltd", "team_name": "Team-4", "revenue": 84685.59, "errors": 1, "hours": 1073.78, "projects": 1}, {"year": 2020, "client_name": "Gardner, Robinson and Lawrence", "team_name": "Team-2", "revenue": 189820.88, "errors": 9, "hours": 3524.33, "projects": 2}, {"year": 2020, "client_name": "Gardner, Robinson and Lawrence", "team_name": "Team-3", "revenue": 41266.57, "errors": 10, "hours": 2693.46, "projects": 1}, {"year": 2020, "client_name": "Guzman, Hoffman and Baldwin", "team_name": "Team-1", "revenue": 64735.9, "errors": 3, "hours": 899.87, "projects": 1}, {"year": 2020, "client_name": "Guzman, Hoffman and Baldwin", "team_name": "Team-2", "revenue": 118858.61, "errors": 9, "hours": 3168.85, "projects": 2}, {"year": 2020, "client_name": "Henderson, Ramirez and Lewis", "team_name": "Team-1", "revenue": 68272.78, "errors": 4, "hours": 2916.7, "projects": 1}, {"year": 2020, "client_name": "Henderson, Ramirez and Lewis", "team_name": "Team-2", "revenue": 89173.39, "errors": 4, "hours": 1925.54, "projects": 1}, {"year": 2020, "client_name": "Henderson, Ramirez and Lewis", "team_name": "Team-3", "revenue": 49746.96, "errors": 2, "hours": 966.51, "projects": 1}, {"year": 2020, "client_name": "Mcclain, Miller and Henderson", "team_name": "Team-1", "revenue": 62748.05, "errors": 5, "hours": 1355.72, "projects": 1}, {"year": 2020, "client_name": "Mcclain, Miller and Henderson", "team_name": "Team-2", "revenue": 96833.21, "errors": 3, "hours": 1109.13, "projects": 1}, {"year": 2020, "client_name": "Mcclain, Miller and Henderson", "team_name": "Team-3", "revenue": 13823.06, "errors": 3, "hours": 3817.34, "projects": 1}, {"year": 2021, "client_name": "Blake and Sons", "team_name": "Team-1", "revenue": 95426.49, "errors": 4, "hours": 507.31, "projects": 1}, {"year": 2021, "client_name": "Blake and Sons", "team_name": "Team-2", "revenue": 79460.18, "errors": 2, "hours": 1274.16, "projects": 1}, {"year": 2021, "client_name": "Blake and Sons", "team_name": "Team-3", "revenue": 121534.77, "errors": 12, "hours": 5128.95, "projects": 2}, {"year": 2021, "client_name": "Blake and Sons", "team_name": "Team-4", "revenue": 173936.84, "errors": 7, "hours": 1756.29, "projects": 2}, {"year": 2021, "client_name": "Davis and Sons", "team_name": "Team-1", "revenue": 91725.35, "errors": 9, "hours": 5548.4, "projects": 3}, {"year": 2021, "client_name": "Davis and Sons", "team_name": "Team-2", "revenue": 161516.34, "errors": 9, "hours": 5121.79, "projects": 2}, {"year": 2021, "client_name": "Davis and Sons", "team_name": "Team-3", "revenue": 161499.97, "errors": 0, "hours": 1567.83, "projects": 1}, {"year": 2021, "client_name": "Davis and Sons", "team_name": "Team-4", "revenue": 100104.37, "errors": 7, "hours": 3236.92, "projects": 2}, {"year": 2021, "client_name": "Doyle Ltd", "team_name": "Team-3", "revenue": 66828.49, "errors": 9, "hours": 5384.5, "projects": 2}, {"year": 2021, "client_name": "Doyle Ltd", "team_name": "Team-4", "revenue": 38433.31, "errors": 4, "hours": 2340.29, "projects": 1}, {"year": 2021, "client_name": "Gardner, Robinson and Lawrence", "team_name": "Team-1", "revenue": 49843.03, "errors": 4, "hours": 662.48, "projects": 1}, {"year": 2021, "client_name": "Gardner, Robinson and Lawrence", "team_name": "Team-2", "revenue": 227774.2, "errors": 14, "hours": 7107.0, "projects": 3}, {"year": 2021, "client_name": "Gardner, Robinson and Lawrence", "team_name": "Team-3", "revenue": 175846.03, "errors": 7, "hours": 4237.23, "projects": 2}, {"year": 2021, "client_name": "Gardner, Robinson and Lawrence", "team_name": "Team-4", "revenue": 107521.65, "errors": 2, "hours": 1296.48, "projects": 2}, {"year": 2021, "client_name": "Guzman, Hoffman and Baldwin", "team_name": "Team-1", "revenue": 221033.81, "errors": 9, "hours": 5493.86, "projects": 3}, {"year": 2021, "client_name": "Guzman, Hoffman and Baldwin", "team_name": "Team-2", "revenue": 76431.76, "errors": 2, "hours": 2252.61, "projects": 1}, {"year": 2021, "client_name": "Guzman, Hoffman and Baldwin", "team_name": "Team-3", "revenue": 158514.5, "errors": 2, "hours": 1680.98, "projects": 1}, {"year": 2021, "client_name": "Henderson, Ramirez and Lewis", "team_name": "Team-1", "revenue": 100586.03, "errors": 9, "hours": 3060.67, "projects": 2}, {"year": 2021, "client_name": "Henderson, Ramirez and Lewis", "team_name": "Team-2", "revenue": 115638.17, "errors": 4, "hours": 5225.18, "projects": 2}, {"year": 2021, "client_name": "Henderson, Ramirez and Lewis", "team_name": "Team-3", "revenue": 50742.96, "errors": 6, "hours": 2955.0, "projects": 1}, {"year": 2021, "client_name": "Henderson, Ramirez and Lewis", "team_name": "Team-4", "revenue": 83714.96, "errors": 1, "hours": 1469.36, "projects": 1}, {"year": 2021, "client_name": "Mcclain, Miller and Henderson", "team_name": "Team-2", "revenue": 72643.77, "errors": 8, "hours": 1078.65, "projects": 1}, {"year": 2021, "client_name": "Mcclain, Miller and Henderson", "team_name": "Team-3", "revenue": 61017.65, "errors": 0, "hours": 1072.49, "projects": 1}, {"year": 2021, "client_name": "Mcclain, Miller and Henderson", "team_name": "Team-4", "revenue": 105567.51, "errors": 0, "hours": 1667.91, "projects": 1}, {"year": 2021, "client_name": "Rodriguez, Figueroa and Sanchez", "team_name": "Team-4", "revenue": 76401.53, "errors": 7, "hours": 1991.02, "projects": 1}, {"year": 2022, "client_name": "Blake and Sons", "team_name": "Team-1", "revenue": 56634.48, "errors": 4, "hours": 2117.9, "projects": 1}, {"year": 2022, "client_name": "Blake and Sons", "team_name": "Team-2", "revenue": 156663.72, "errors": 15, "hours": 3242.0, "projects": 2}, {"year": 2022, "client_name": "Blake and Sons", "team_name": "Team-3", "revenue": 151622.2, "errors": 9, "hours": 6006.41, "projects": 2}, {"year": 2022, "client_name": "Blake and Sons", "team_name": "Team-4", "revenue": 110565.51, "errors": 5, "hours": 1722.07, "projects": 1}, {"year": 2022, "client_name": "Davis and Sons", "team_name": "Team-1", "revenue": 179003.82, "errors": 2, "hours": 1766.81, "projects": 2}, {"year": 2022, "client_name": "Davis and Sons", "team_name": "Team-2", "revenue": 155081.83, "errors": 6, "hours": 1478.79, "projects": 2}, {"year": 2022, "client_name": "Davis and Sons", "team_name": "Team-4", "revenue": 101906.49, "errors": 7, "hours": 2499.32, "projects": 1}, {"year": 2022, "client_name": "Doyle Ltd", "team_name": "Team-2", "revenue": 96343.87, "errors": 3, "hours": 4431.14, "projects": 2}, {"year": 2022, "client_name": "Gardner, Robinson and Lawrence", "team_name": "Team-4", "revenue": 90231.53, "errors": 3, "hours": 421.71, "projects": 1}, {"year": 2022, "client_name": "Guzman, Hoffman and Baldwin", "team_name": "Team-1", "revenue": 60658.83, "errors": 11, "hours": 5249.71, "projects": 2}, {"year": 2022, "client_name": "Guzman, Hoffman and Baldwin", "team_name": "Team-2", "revenue": 48147.12, "errors": 2, "hours": 974.13, "projects": 1}, {"year": 2022, "client_name": "Henderson, Ramirez and Lewis", "team_name": "Team-2", "revenue": 26284.98, "errors": 5, "hours": 3615.38, "projects": 1}, {"year": 2022, "client_name": "Henderson, Ramirez and Lewis", "team_name": "Team-3", "revenue": 100812.6, "errors": 8, "hours": 1768.86, "projects": 1}, {"year": 2022, "client_name": "Henderson, Ramirez and Lewis", "team_name": "Team-4", "revenue": 36683.13, "errors": 3, "hours": 1023.67, "projects": 1}, {"year": 2022, "client_name": "Mcclain, Miller and Henderson", "team_name": "Team-3", "revenue": 66197.55, "errors": 4, "hours": 2300.39, "projects": 1}, {"year": 2022, "client_name": "Rodriguez, Figueroa and Sanchez", "team_name": "Team-1", "revenue": 106849.21, "errors": 5, "hours": 2167.11, "projects": 1}, {"year": 2022, "client_name": "Rodriguez, Figueroa and Sanchez", "team_name": "Team-2", "revenue": 94223.65, "errors": 4, "hours": 1320.28, "projects": 1}, {"year": 2022, "client_name": "Rodriguez, Figueroa and Sanchez", "team_name": "Team-3", "revenue": 126976.4, "errors": 7, "hours": 3944.72, "projects": 1}, {"year": 2022, "client_name": "Rodriguez, Figueroa and Sanchez", "team_name": "Team-4", "revenue": 70603.11, "errors": 6, "hours": 2548.55, "projects": 1}, {"year": 2023, "client_name": "Blake and Sons", "team_name": "Team-1", "revenue": 15826.17, "errors": 2, "hours": 918.1, "projects": 1}, {"year": 2023, "client_name": "Blake and Sons", "team_name": "Team-2", "revenue": 62562.21, "errors": 5, "hours": 2553.45, "projects": 1}, {"year": 2023, "client_name": "Blake and Sons", "team_name": "Team-3", "revenue": 37450.87, "errors": 9, "hours": 4631.05, "projects": 1}, {"year": 2023, "client_name": "Blake and Sons", "team_name": "Team-4", "revenue": 70597.85, "errors": 6, "hours": 1466.01, "projects": 1}, {"year": 2023, "client_name": "Davis and Sons", "team_name": "Team-1", "revenue": 42077.62, "errors": 6, "hours": 2105.69, "projects": 1}, {"year": 2023, "client_name": "Davis and Sons", "team_name": "Team-2", "revenue": 155372.59, "errors": 7, "hours": 3598.37, "projects": 2}, {"year": 2023, "client_name": "Davis and Sons", "team_name": "Team-3", "revenue": 83512.39, "errors": 4, "hours": 3673.5, "projects": 1}, {"year": 2023, "client_name": "Davis and Sons", "team_name": "Team-4", "revenue": 136045.12, "errors": 3, "hours": 3100.22, "projects": 3}, {"year": 2023, "client_name": "Doyle Ltd", "team_name": "Team-4", "revenue": 37538.05, "errors": 6, "hours": 1431.32, "projects": 1}, {"year": 2023, "client_name": "Gardner, Robinson and Lawrence", "team_name": "Team-1", "revenue": 115464.37, "errors": 2, "hours": 888.98, "projects": 1}, {"year": 2023, "client_name": "Gardner, Robinson and Lawrence", "team_name": "Team-4", "revenue": 290388.37, "errors": 6, "hours": 5155.65, "projects": 4}, {"year": 2023, "client_name": "Guzman, Hoffman and Baldwin", "team_name": "Team-1", "revenue": 102969.11, "errors": 9, "hours": 3562.34, "projects": 2}, {"year": 2023, "client_name": "Guzman, Hoffman and Baldwin", "team_name": "Team-2", "revenue": 42400.7, "errors": 9, "hours": 2192.5, "projects": 1}, {"year": 2023, "client_name": "Guzman, Hoffman and Baldwin", "team_name": "Team-4", "revenue": 62225.26, "errors": 6, "hours": 4121.4, "projects": 2}, {"year": 2023, "client_name": "Henderson, Ramirez and Lewis", "team_name": "Team-1", "revenue": 228390.76, "errors": 13, "hours": 3467.77, "projects": 3}, {"year": 2023, "client_name": "Henderson, Ramirez and Lewis", "team_name": "Team-2", "revenue": 47467.43, "errors": 5, "hours": 1887.92, "projects": 1}, {"year": 2023, "client_name": "Henderson, Ramirez and Lewis", "team_name": "Team-3", "revenue": 91995.49, "errors": 13, "hours": 3478.85, "projects": 1}, {"year": 2023, "client_name": "Mcclain, Miller and Henderson", "team_name": "Team-1", "revenue": 277059.19, "errors": 15, "hours": 8307.32, "projects": 3}, {"year": 2023, "client_name": "Mcclain, Miller and Henderson", "team_name": "Team-3", "revenue": 31226.11, "errors": 4, "hours": 2056.23, "projects": 1}, {"year": 2023, "client_name": "Mcclain, Miller and Henderson", "team_name": "Team-4", "revenue": 22275.44, "errors": 2, "hours": 1551.38, "projects": 1}, {"year": 2023, "client_name": "Rodriguez, Figueroa and Sanchez", "team_name": "Team-2", "revenue": 77677.55, "errors": 6, "hours": 2139.11, "projects": 1}, {"year": 2023, "client_name": "Rodriguez, Figueroa and Sanchez", "team_name": "Team-4", "revenue": 140389.75, "errors": 4, "hours": 1220.93, "projects": 1}, {"year": 2024, "client_name": "Blake and Sons", "team_name": "Team-1", "revenue": 53862.12, "errors": 5, "hours": 1667.13, "projects": 1}, {"year": 2024, "client_name": "Blake and Sons", "team_name": "Team-2", "revenue": 71645.59, "errors": 5, "hours": 2197.1, "projects": 1}, {"year": 2024, "client_name": "Blake and Sons", "team_name": "Team-3", "revenue": 12031.42, "errors": 8, "hours": 2741.93, "projects": 1}, {"year": 2024, "client_name": "Blake and Sons", "team_name": "Team-4", "revenue": 96774.39, "errors": 3, "hours": 2460.59, "projects": 1}, {"year": 2024, "client_name": "Davis and Sons", "team_name": "Team-2", "revenue": 125895.91, "errors": 5, "hours": 5034.91, "projects": 2}, {"year": 2024, "client_name": "Davis and Sons", "team_name": "Team-3", "revenue": 35957.76, "errors": 8, "hours": 606.86, "projects": 1}, {"year": 2024, "client_name": "Davis and Sons", "team_name": "Team-4", "revenue": 118852.35, "errors": 7, "hours": 3855.83, "projects": 2}, {"year": 2024, "client_name": "Doyle Ltd", "team_name": "Team-4", "revenue": 209386.05, "errors": 23, "hours": 7938.06, "projects": 4}, {"year": 2024, "client_name": "Gardner, Robinson and Lawrence", "team_name": "Team-1", "revenue": 50047.8, "errors": 3, "hours": 1811.47, "projects": 1}, {"year": 2024, "client_name": "Gardner, Robinson and Lawrence", "team_name": "Team-2", "revenue": 116899.69, "errors": 0, "hours": 2077.2, "projects": 1}, {"year": 2024, "client_name": "Gardner, Robinson and Lawrence", "team_name": "Team-4", "revenue": 97575.38, "errors": 6, "hours": 3108.25, "projects": 2}, {"year": 2024, "client_name": "Guzman, Hoffman and Baldwin", "team_name": "Team-1", "revenue": 104931.3, "errors": 8, "hours": 2939.56, "projects": 2}, {"year": 2024, "client_name": "Guzman, Hoffman and Baldwin", "team_name": "Team-2", "revenue": 68074.69, "errors": 3, "hours": 980.04, "projects": 1}, {"year": 2024, "client_name": "Guzman, Hoffman and Baldwin", "team_name": "Team-3", "revenue": 127451.1, "errors": 7, "hours": 3631.3, "projects": 2}, {"year": 2024, "client_name": "Guzman, Hoffman and Baldwin", "team_name": "Team-4", "revenue": 46093.43, "errors": 6, "hours": 1749.57, "projects": 1}, {"year": 2024, "client_name": "Henderson, Ramirez and Lewis", "team_name": "Team-1", "revenue": 133806.82, "errors": 3, "hours": 2396.94, "projects": 1}, {"year": 2024, "client_name": "Henderson, Ramirez and Lewis", "team_name": "Team-4", "revenue": 22397.94, "errors": 4, "hours": 2754.18, "projects": 1}, {"year": 2024, "client_name": "Mcclain, Miller and Henderson", "team_name": "Team-1", "revenue": 18745.51, "errors": 3, "hours": 1289.63, "projects": 1}, {"year": 2024, "client_name": "Mcclain, Miller and Henderson", "team_name": "Team-2", "revenue": 171144.58, "errors": 11, "hours": 6574.53, "projects": 3}, {"year": 2024, "client_name": "Mcclain, Miller and Henderson", "team_name": "Team-3", "revenue": 83037.0, "errors": 1, "hours": 419.87, "projects": 1}, {"year": 2024, "client_name": "Mcclain, Miller and Henderson", "team_name": "Team-4", "revenue": 61800.19, "errors": 2, "hours": 893.72, "projects": 1}, {"year": 2024, "client_name": "Rodriguez, Figueroa and Sanchez", "team_name": "Team-1", "revenue": 388366.47, "errors": 24, "hours": 10946.91, "projects": 5}, {"year": 2024, "client_name": "Rodriguez, Figueroa and Sanchez", "team_name": "Team-2", "revenue": 264958.54, "errors": 8, "hours": 4125.69, "projects": 3}, {"year": 2024, "client_name": "Rodriguez, Figueroa and Sanchez", "team_name": "Team-4", "revenue": 176142.69, "errors": 15, "hours": 8676.13, "projects": 4}, {"year": 2025, "client_name": "Blake and Sons", "team_name": "Team-1", "revenue": 87592.59, "errors": 3, "hours": 3328.48, "projects": 1}, {"year": 2025, "client_name": "Blake and Sons", "team_name": "Team-4", "revenue": 38428.55, "errors": 7, "hours": 2104.63, "projects": 1}, {"year": 2025, "client_name": "Davis and Sons", "team_name": "Team-2", "revenue": 46069.1, "errors": 3, "hours": 1861.19, "projects": 1}, {"year": 2025, "client_name": "Davis and Sons", "team_name": "Team-4", "revenue": 80594.71, "errors": 10, "hours": 3836.58, "projects": 2}, {"year": 2025, "client_name": "Doyle Ltd", "team_name": "Team-1", "revenue": 183804.89, "errors": 8, "hours": 3120.67, "projects": 2}, {"year": 2025, "client_name": "Doyle Ltd", "team_name": "Team-3", "revenue": 92289.77, "errors": 4, "hours": 1332.51, "projects": 1}, {"year": 2025, "client_name": "Doyle Ltd", "team_name": "Team-4", "revenue": 19637.86, "errors": 8, "hours": 2996.8, "projects": 1}, {"year": 2025, "client_name": "Gardner, Robinson and Lawrence", "team_name": "Team-4", "revenue": 204826.09, "errors": 13, "hours": 4677.08, "projects": 2}, {"year": 2025, "client_name": "Guzman, Hoffman and Baldwin", "team_name": "Team-1", "revenue": 57172.31, "errors": 2, "hours": 1541.0, "projects": 1}, {"year": 2025, "client_name": "Guzman, Hoffman and Baldwin", "team_name": "Team-2", "revenue": 97399.94, "errors": 2, "hours": 1872.6, "projects": 1}, {"year": 2025, "client_name": "Guzman, Hoffman and Baldwin", "team_name": "Team-4", "revenue": 73797.74, "errors": 5, "hours": 1629.77, "projects": 1}, {"year": 2025, "client_name": "Henderson, Ramirez and Lewis", "team_name": "Team-1", "revenue": 70498.35, "errors": 2, "hours": 1860.81, "projects": 1}, {"year": 2025, "client_name": "Henderson, Ramirez and Lewis", "team_name": "Team-2", "revenue": 94100.99, "errors": 1, "hours": 1046.56, "projects": 1}, {"year": 2025, "client_name": "Henderson, Ramirez and Lewis", "team_name": "Team-3", "revenue": 89953.67, "errors": 16, "hours": 4865.21, "projects": 2}, {"year": 2025, "client_name": "Henderson, Ramirez and Lewis", "team_name": "Team-4", "revenue": 64828.31, "errors": 3, "hours": 578.38, "projects": 1}, {"year": 2025, "client_name": "Mcclain, Miller and Henderson", "team_name": "Team-1", "revenue": 148352.86, "errors": 10, "hours": 4048.69, "projects": 3}, {"year": 2025, "client_name": "Mcclain, Miller and Henderson", "team_name": "Team-2", "revenue": 67695.96, "errors": 16, "hours": 3291.29, "projects": 2}, {"year": 2025, "client_name": "Mcclain, Miller and Henderson", "team_name": "Team-4", "revenue": 311737.59, "errors": 3, "hours": 2807.36, "projects": 3}, {"year": 2025, "client_name": "Rodriguez, Figueroa and Sanchez", "team_name": "Team-1", "revenue": 130093.56, "errors": 4, "hours": 2764.4, "projects": 1}, {"year": 2025, "client_name": "Rodriguez, Figueroa and Sanchez", "team_name": "Team-2", "revenue": 306293.95, "errors": 13, "hours": 5341.18, "projects": 3}, {"year": 2025, "client_name": "Rodriguez, Figueroa and Sanchez", "team_name": "Team-3", "revenue": 95440.07, "errors": 4, "hours": 2239.38, "projects": 1}, {"year": 2025, "client_name": "Rodriguez, Figueroa and Sanchez", "team_name": "Team-4", "revenue": 44487.41, "errors": 0, "hours": 598.72, "projects": 1}, {"year": 2026, "client_name": "Blake and Sons", "team_name": "Team-1", "revenue": 85376.31, "errors": 2, "hours": 2258.5, "projects": 1}, {"year": 2026, "client_name": "Gardner, Robinson and Lawrence", "team_name": "Team-3", "revenue": 63406.56, "errors": 2, "hours": 2436.03, "projects": 1}, {"year": 2026, "client_name": "Gardner, Robinson and Lawrence", "team_name": "Team-4", "revenue": 61184.74, "errors": 11, "hours": 3677.92, "projects": 1}, {"year": 2026, "client_name": "Guzman, Hoffman and Baldwin", "team_name": "Team-4", "revenue": 88089.05, "errors": 3, "hours": 2407.68, "projects": 1}, {"year": 2026, "client_name": "Mcclain, Miller and Henderson", "team_name": "Team-2", "revenue": 51765.33, "errors": 3, "hours": 1323.27, "projects": 1}]}